<?xml version="1.0" encoding="UTF-8"?><collection xmlns="http://www.loc.gov/MARC21/slim"><record><leader>00435nam--2200109-i-4500</leader><controlfield tag="001">000038517</controlfield><controlfield tag="002">20161230</controlfield><controlfield tag="005">20161230201041</controlfield><controlfield tag="008">060222s1000------------r-----000-0-eng-d</controlfield><datafield ind1=" " ind2=" " tag="245"><subfield code="a">Referate prezentate la consfatuirea tehnico-stiintifica in probleme de inventii a oficiului de stat pentru inventii, tinuta in cinstea celei de-a xx aniversari a eliberarii patriei noastre-25 iulie 1964</subfield></datafield><datafield ind1=" " ind2=" " tag="260"><subfield code="a">Bucuresti, Esip, 1965. 164 P</subfield></datafield><datafield ind1=" " ind2=" " tag="852"><subfield code="a">21636</subfield></datafield></record></collection>